trading_session_uuid,is_simulated,market_number,trading_day,event_seq,event_ts,source_mbo_event_seq,source_order_id,source_order_event_type,best_bid_px,best_bid_sz,best_bid_ct,best_ask_px,best_ask_sz,best_ask_ct,spread,midpoint,source_created_ts
f8618a3a-1287-46b3-b774-7d27915efbdd,True,1,1,1,2026-03-12T20:04:29.298617+00:00,1,07ecd70e-1f22-496c-a516-9c38e63155d7,add,120.0,1.0,1,,,,,,1773345869.303233
f8618a3a-1287-46b3-b774-7d27915efbdd,True,1,1,2,2026-03-12T20:04:29.304534+00:00,2,,trade,,,,,,,,,1773345869.312381
f8618a3a-1287-46b3-b774-7d27915efbdd,True,1,1,3,2026-03-12T20:04:29.315518+00:00,5,10c1d823-387a-4ae8-8f58-365f8911b337,add,115.0,1.0,1,,,,,,1773345869.31817
f8618a3a-1287-46b3-b774-7d27915efbdd,True,1,1,4,2026-03-12T20:04:29.318797+00:00,6,e9b63da9-2d1e-404d-9660-1dd9f948959e,add,115.0,1.0,1,125.0,1.0,1,10.0,120.0,1773345869.321693
aa1f84f9-981a-4c88-8075-810afcf2e65e,True,2,1,1,2026-03-12T20:04:57.702837+00:00,1,8c5410c6-c19b-4b0b-b9fe-9b8c1dacba0e,add,120.0,1.0,1,,,,,,1773345897.706626
aa1f84f9-981a-4c88-8075-810afcf2e65e,True,2,1,2,2026-03-12T20:04:57.707416+00:00,2,,trade,,,,,,,,,1773345897.716368
aa1f84f9-981a-4c88-8075-810afcf2e65e,True,2,1,3,2026-03-12T20:04:57.719469+00:00,5,abaa6c91-402d-43a5-99f1-11016b357da9,add,115.0,1.0,1,,,,,,1773345897.722719
aa1f84f9-981a-4c88-8075-810afcf2e65e,True,2,1,4,2026-03-12T20:04:57.723526+00:00,6,23d6698a-f684-43f6-8840-24113d3b8694,add,115.0,1.0,1,125.0,1.0,1,10.0,120.0,1773345897.726354
bf6e0a9f-c45f-47de-86b7-e4a066551716,True,1,1,1,2026-03-12T20:04:29.435304+00:00,1,4063a3e0-403b-4119-8e11-134ec0d0f842,add,120.0,1.0,1,,,,,,1773345869.439274
bf6e0a9f-c45f-47de-86b7-e4a066551716,True,1,1,2,2026-03-12T20:04:29.440033+00:00,2,,trade,,,,,,,,,1773345869.448219
bf6e0a9f-c45f-47de-86b7-e4a066551716,True,1,1,3,2026-03-12T20:04:29.451246+00:00,5,8c8b64c8-7c1c-4bb8-9eb4-011c52e2b1ba,add,115.0,1.0,1,,,,,,1773345869.480219
bf6e0a9f-c45f-47de-86b7-e4a066551716,True,1,1,4,2026-03-12T20:04:29.481212+00:00,6,7b6836ba-26a9-494e-87ab-e953379a7586,add,115.0,1.0,1,125.0,1.0,1,10.0,120.0,1773345869.490684
6e352a8d-8b3a-4633-b7ac-ff9a87bd503e,True,2,1,1,2026-03-12T20:04:57.864026+00:00,1,21856633-57ad-4237-81d9-06d782b2963d,add,120.0,1.0,1,,,,,,1773345897.867528
6e352a8d-8b3a-4633-b7ac-ff9a87bd503e,True,2,1,2,2026-03-12T20:04:57.868258+00:00,2,,trade,,,,,,,,,1773345897.877019
6e352a8d-8b3a-4633-b7ac-ff9a87bd503e,True,2,1,3,2026-03-12T20:04:57.880063+00:00,5,c58fe6db-3fcb-4d73-9fc8-470d8d57a864,add,115.0,1.0,1,,,,,,1773345897.882563
6e352a8d-8b3a-4633-b7ac-ff9a87bd503e,True,2,1,4,2026-03-12T20:04:57.883192+00:00,6,cdd8935c-ec0f-41eb-94e1-7a5b67f630c1,add,115.0,1.0,1,125.0,1.0,1,10.0,120.0,1773345897.885853
779536d4-b7c0-4c26-8984-73a672e64491,True,1,1,1,2026-03-12T20:04:29.599341+00:00,1,28fc9046-215b-49c2-a18e-373ab0f732c1,add,120.0,1.0,1,,,,,,1773345869.602992
779536d4-b7c0-4c26-8984-73a672e64491,True,1,1,2,2026-03-12T20:04:29.603788+00:00,2,,trade,,,,,,,,,1773345869.612134
779536d4-b7c0-4c26-8984-73a672e64491,True,1,1,3,2026-03-12T20:04:29.615323+00:00,5,f0d43270-849e-4da7-9b44-2bab2e3085c3,add,115.0,1.0,1,,,,,,1773345869.617948
779536d4-b7c0-4c26-8984-73a672e64491,True,1,1,4,2026-03-12T20:04:29.618723+00:00,6,5f2cbcd9-260d-4649-87ef-ba026b1e19bd,add,115.0,1.0,1,125.0,1.0,1,10.0,120.0,1773345869.621521
beb41229-02d2-4907-9745-cf3f0d31fe0c,True,2,1,1,2026-03-12T20:04:58.019719+00:00,1,7b55b85a-12d5-4a8d-9da8-e1148c57a057,add,120.0,1.0,1,,,,,,1773345898.023372
beb41229-02d2-4907-9745-cf3f0d31fe0c,True,2,1,2,2026-03-12T20:04:58.024230+00:00,2,,trade,,,,,,,,,1773345898.032991
beb41229-02d2-4907-9745-cf3f0d31fe0c,True,2,1,3,2026-03-12T20:04:58.036103+00:00,5,df32ba57-6981-45c4-b9bc-fc284a484f79,add,115.0,1.0,1,,,,,,1773345898.038866
beb41229-02d2-4907-9745-cf3f0d31fe0c,True,2,1,4,2026-03-12T20:04:58.039536+00:00,6,722e3c19-8eb0-4d98-9b43-1d5fb69b9ad5,add,115.0,1.0,1,125.0,1.0,1,10.0,120.0,1773345898.042369
a969a98f-b50a-4f46-816d-0f4fcf392d0c,True,1,1,1,2026-03-12T20:04:29.731302+00:00,1,4fde168e-198f-4b71-afaf-6f6b7d00f76e,add,120.0,1.0,1,,,,,,1773345869.734733
a969a98f-b50a-4f46-816d-0f4fcf392d0c,True,1,1,2,2026-03-12T20:04:29.735594+00:00,2,,trade,,,,,,,,,1773345869.744028
a969a98f-b50a-4f46-816d-0f4fcf392d0c,True,1,1,3,2026-03-12T20:04:29.747128+00:00,5,9d5c3c6e-1fc6-4803-ba53-61a731ea5ab5,add,115.0,1.0,1,,,,,,1773345869.74964
a969a98f-b50a-4f46-816d-0f4fcf392d0c,True,1,1,4,2026-03-12T20:04:29.750390+00:00,6,ea032cc9-4174-46b0-ac1a-a0017a2cf8cd,add,115.0,1.0,1,125.0,1.0,1,10.0,120.0,1773345869.753147
8e95b04e-f4dd-447e-b3d8-a6956669522e,True,2,1,1,2026-03-12T20:04:58.184517+00:00,1,6b28a0ec-a297-497b-b696-c0e5f00d01c7,add,120.0,1.0,1,,,,,,1773345898.188396
8e95b04e-f4dd-447e-b3d8-a6956669522e,True,2,1,2,2026-03-12T20:04:58.189622+00:00,2,,trade,,,,,,,,,1773345898.198078
8e95b04e-f4dd-447e-b3d8-a6956669522e,True,2,1,3,2026-03-12T20:04:58.201220+00:00,5,e7c9f49a-152c-4e08-a697-cbe8cb132404,add,115.0,1.0,1,,,,,,1773345898.20392
8e95b04e-f4dd-447e-b3d8-a6956669522e,True,2,1,4,2026-03-12T20:04:58.204689+00:00,6,3f0eab9d-6a96-4e9a-9daf-be5044075c3a,add,115.0,1.0,1,125.0,1.0,1,10.0,120.0,1773345898.207619
15b914e9-083a-460b-b344-bc3b0aa42ac1,True,1,1,1,2026-03-12T20:04:29.860317+00:00,1,4f145de8-b82f-4b69-9ba0-ad656bd16d3b,add,120.0,1.0,1,,,,,,1773345869.864037
15b914e9-083a-460b-b344-bc3b0aa42ac1,True,1,1,2,2026-03-12T20:04:29.864809+00:00,2,,trade,,,,,,,,,1773345869.873206
15b914e9-083a-460b-b344-bc3b0aa42ac1,True,1,1,3,2026-03-12T20:04:29.876284+00:00,5,1e8a3d2b-8028-42da-b1fd-b38965c8ef8b,add,115.0,1.0,1,,,,,,1773345869.879082
15b914e9-083a-460b-b344-bc3b0aa42ac1,True,1,1,4,2026-03-12T20:04:29.879814+00:00,6,f25b94ae-2cad-4159-8fce-6ddd00009104,add,115.0,1.0,1,125.0,1.0,1,10.0,120.0,1773345869.882774
7d70e835-a55b-4419-b023-b9609532ce10,True,2,1,1,2026-03-12T20:04:58.379507+00:00,1,a4098fbb-3858-45b4-a744-becefb91e082,add,120.0,1.0,1,,,,,,1773345898.383105
7d70e835-a55b-4419-b023-b9609532ce10,True,2,1,2,2026-03-12T20:04:58.384079+00:00,2,,trade,,,,,,,,,1773345898.393692
7d70e835-a55b-4419-b023-b9609532ce10,True,2,1,3,2026-03-12T20:04:58.397149+00:00,5,7b60f13b-d58e-48e1-912b-240c161d5e2b,add,115.0,1.0,1,,,,,,1773345898.400141
7d70e835-a55b-4419-b023-b9609532ce10,True,2,1,4,2026-03-12T20:04:58.401052+00:00,6,0e53a2ff-9257-41de-8fc8-893c445fdab6,add,115.0,1.0,1,125.0,1.0,1,10.0,120.0,1773345898.403926
dbe36fdb-f188-4a80-a746-72c8f030f3a6,True,1,1,1,2026-03-12T20:04:29.991507+00:00,1,a1f4b85b-95f0-4cd9-8484-4d4fe42f9e43,add,120.0,1.0,1,,,,,,1773345869.99539
dbe36fdb-f188-4a80-a746-72c8f030f3a6,True,1,1,2,2026-03-12T20:04:29.996367+00:00,2,,trade,,,,,,,,,1773345870.004683
dbe36fdb-f188-4a80-a746-72c8f030f3a6,True,1,1,3,2026-03-12T20:04:30.007822+00:00,5,c05be9c4-619d-4531-aaa5-e261694e0d3c,add,115.0,1.0,1,,,,,,1773345870.010588
dbe36fdb-f188-4a80-a746-72c8f030f3a6,True,1,1,4,2026-03-12T20:04:30.011432+00:00,6,66bcdbf9-04c8-4cc5-9b74-ef9e2bee4e6a,add,115.0,1.0,1,125.0,1.0,1,10.0,120.0,1773345870.014029
6665edc8-92ce-4984-a1ce-1a70d60b736f,True,2,1,1,2026-03-12T20:04:58.553301+00:00,1,2e572aa0-ed3a-4789-8614-64513290a7ad,add,120.0,1.0,1,,,,,,1773345898.556828
6665edc8-92ce-4984-a1ce-1a70d60b736f,True,2,1,2,2026-03-12T20:04:58.557638+00:00,2,,trade,,,,,,,,,1773345898.566644
6665edc8-92ce-4984-a1ce-1a70d60b736f,True,2,1,3,2026-03-12T20:04:58.570473+00:00,5,811328ff-2eae-499d-bb13-81419cd40d0c,add,115.0,1.0,1,,,,,,1773345898.573313
6665edc8-92ce-4984-a1ce-1a70d60b736f,True,2,1,4,2026-03-12T20:04:58.574079+00:00,6,9fc72232-aebf-4bac-ac50-e2a6f572f94c,add,115.0,1.0,1,125.0,1.0,1,10.0,120.0,1773345898.577082
711c2c1a-5764-429b-99d9-236655b37cf4,True,1,1,1,2026-03-12T20:04:30.116873+00:00,1,3791094c-ac5b-4ad0-ae36-ab4afedc44c4,add,120.0,1.0,1,,,,,,1773345870.121038
711c2c1a-5764-429b-99d9-236655b37cf4,True,1,1,2,2026-03-12T20:04:30.122059+00:00,2,,trade,,,,,,,,,1773345870.130092
711c2c1a-5764-429b-99d9-236655b37cf4,True,1,1,3,2026-03-12T20:04:30.133123+00:00,5,f89f0107-73a5-4a88-b0f6-1849fa9ec55c,add,115.0,1.0,1,,,,,,1773345870.136096
711c2c1a-5764-429b-99d9-236655b37cf4,True,1,1,4,2026-03-12T20:04:30.136821+00:00,6,d6898625-9e6a-43b5-a283-4b462fd023d2,add,115.0,1.0,1,125.0,1.0,1,10.0,120.0,1773345870.139491
1b6644ae-71c0-413c-a279-41d3dd6d9e0a,True,2,1,1,2026-03-12T20:04:58.756234+00:00,1,6882f421-5e64-4d8e-9e30-929813c0648e,add,120.0,1.0,1,,,,,,1773345898.760011
1b6644ae-71c0-413c-a279-41d3dd6d9e0a,True,2,1,2,2026-03-12T20:04:58.760924+00:00,2,,trade,,,,,,,,,1773345898.783028
1b6644ae-71c0-413c-a279-41d3dd6d9e0a,True,2,1,3,2026-03-12T20:04:58.799385+00:00,5,3c69e83d-bbaa-4684-9a6b-1c51fc550853,add,115.0,1.0,1,,,,,,1773345898.808889
1b6644ae-71c0-413c-a279-41d3dd6d9e0a,True,2,1,4,2026-03-12T20:04:58.809777+00:00,6,06b3436c-945f-4941-9265-92113a96cb2f,add,115.0,1.0,1,125.0,1.0,1,10.0,120.0,1773345898.812516
f4803013-a4d1-402c-af7a-f1ef635b1c94,True,1,1,1,2026-03-12T20:04:30.242388+00:00,1,e24ea93c-6272-4b5f-ac3f-6a2ea2e39f9f,add,120.0,1.0,1,,,,,,1773345870.246129
f4803013-a4d1-402c-af7a-f1ef635b1c94,True,1,1,2,2026-03-12T20:04:30.246925+00:00,2,,trade,,,,,,,,,1773345870.255246
f4803013-a4d1-402c-af7a-f1ef635b1c94,True,1,1,3,2026-03-12T20:04:30.258593+00:00,5,dc17822a-21bc-45e3-8695-414bb32dee24,add,115.0,1.0,1,,,,,,1773345870.261613
f4803013-a4d1-402c-af7a-f1ef635b1c94,True,1,1,4,2026-03-12T20:04:30.262567+00:00,6,c77d1492-3e46-4cba-9370-2f9814b3ec8e,add,115.0,1.0,1,125.0,1.0,1,10.0,120.0,1773345870.26524
1a74e249-c2f4-40bf-82d0-8b2ff0dc05b2,True,2,1,1,2026-03-12T20:04:58.956203+00:00,1,e3d0b2dd-758a-4773-894e-bd71daae5bc1,add,120.0,1.0,1,,,,,,1773345898.960307
1a74e249-c2f4-40bf-82d0-8b2ff0dc05b2,True,2,1,2,2026-03-12T20:04:58.961415+00:00,2,,trade,,,,,,,,,1773345898.969431
1a74e249-c2f4-40bf-82d0-8b2ff0dc05b2,True,2,1,3,2026-03-12T20:04:58.972729+00:00,5,276a0153-8d7b-46f6-9a2d-91318fcc48fe,add,115.0,1.0,1,,,,,,1773345898.975537
1a74e249-c2f4-40bf-82d0-8b2ff0dc05b2,True,2,1,4,2026-03-12T20:04:58.976259+00:00,6,fe391c16-88ce-414a-903d-dfa5902a3b47,add,115.0,1.0,1,125.0,1.0,1,10.0,120.0,1773345898.978907
1fd2a445-b205-47ef-96a0-bc1a8e5661ac,True,1,1,1,2026-03-12T20:04:30.376356+00:00,1,040c67ad-0449-496c-8dd9-ea386ac6148e,add,120.0,1.0,1,,,,,,1773345870.380029
1fd2a445-b205-47ef-96a0-bc1a8e5661ac,True,1,1,2,2026-03-12T20:04:30.380872+00:00,2,,trade,,,,,,,,,1773345870.389803
1fd2a445-b205-47ef-96a0-bc1a8e5661ac,True,1,1,3,2026-03-12T20:04:30.393002+00:00,5,c1a49ee8-330c-47d2-aa94-f0d4212eb13d,add,115.0,1.0,1,,,,,,1773345870.396124
1fd2a445-b205-47ef-96a0-bc1a8e5661ac,True,1,1,4,2026-03-12T20:04:30.396958+00:00,6,dd32be50-1e5a-4e7e-907a-7addce8f8f82,add,115.0,1.0,1,125.0,1.0,1,10.0,120.0,1773345870.399607
b865824f-94c1-4893-befa-4fd188f40f90,True,2,1,1,2026-03-12T20:04:59.125121+00:00,1,1aa77eb0-aa9c-4630-8062-41ec91137137,add,120.0,1.0,1,,,,,,1773345899.128823
b865824f-94c1-4893-befa-4fd188f40f90,True,2,1,2,2026-03-12T20:04:59.129631+00:00,2,,trade,,,,,,,,,1773345899.137863
b865824f-94c1-4893-befa-4fd188f40f90,True,2,1,3,2026-03-12T20:04:59.140740+00:00,5,5b701920-1896-4afb-8c65-74755d65fb37,add,115.0,1.0,1,,,,,,1773345899.143396
b865824f-94c1-4893-befa-4fd188f40f90,True,2,1,4,2026-03-12T20:04:59.144067+00:00,6,44d0985e-2201-4002-97f4-e1342ad12790,add,115.0,1.0,1,125.0,1.0,1,10.0,120.0,1773345899.146934
28377d14-d3e8-4119-bca3-09ef9be3ad18,True,1,1,1,2026-03-12T20:04:30.508897+00:00,1,693a974a-9968-4ca6-a955-0f655db0a3bf,add,120.0,1.0,1,,,,,,1773345870.512436
28377d14-d3e8-4119-bca3-09ef9be3ad18,True,1,1,2,2026-03-12T20:04:30.513200+00:00,2,,trade,,,,,,,,,1773345870.521787
28377d14-d3e8-4119-bca3-09ef9be3ad18,True,1,1,3,2026-03-12T20:04:30.524870+00:00,5,53a363dc-da24-46b9-ad86-01b525d4756e,add,115.0,1.0,1,,,,,,1773345870.527863
28377d14-d3e8-4119-bca3-09ef9be3ad18,True,1,1,4,2026-03-12T20:04:30.528625+00:00,6,8ca210f4-5f5b-4054-b2e5-3d6a59da8840,add,115.0,1.0,1,125.0,1.0,1,10.0,120.0,1773345870.531224
f8512ac5-6443-4973-875e-4992b14e9bd6,True,2,1,1,2026-03-12T20:04:59.277284+00:00,1,db514026-34d6-4da9-a3fb-e9ac2dd41198,add,120.0,1.0,1,,,,,,1773345899.280926
f8512ac5-6443-4973-875e-4992b14e9bd6,True,2,1,2,2026-03-12T20:04:59.281656+00:00,2,,trade,,,,,,,,,1773345899.290176
f8512ac5-6443-4973-875e-4992b14e9bd6,True,2,1,3,2026-03-12T20:04:59.292831+00:00,5,4ad05c4b-ddd1-4821-b2a2-768866c00caf,add,115.0,1.0,1,,,,,,1773345899.295626
f8512ac5-6443-4973-875e-4992b14e9bd6,True,2,1,4,2026-03-12T20:04:59.296573+00:00,6,ec52fc05-6f4f-485e-942b-75cfe0c50ee0,add,115.0,1.0,1,125.0,1.0,1,10.0,120.0,1773345899.299257
fb74abe2-bdc5-45d9-a729-ddde18ecb357,True,1,1,1,2026-03-12T20:04:30.639421+00:00,1,a46ff01e-f621-437d-a3fd-96584ec9118e,add,120.0,1.0,1,,,,,,1773345870.64292
fb74abe2-bdc5-45d9-a729-ddde18ecb357,True,1,1,2,2026-03-12T20:04:30.643702+00:00,2,,trade,,,,,,,,,1773345870.652522
fb74abe2-bdc5-45d9-a729-ddde18ecb357,True,1,1,3,2026-03-12T20:04:30.655725+00:00,5,dc0ec4dd-4f25-485d-9aff-598a414fa0f0,add,115.0,1.0,1,,,,,,1773345870.658353
fb74abe2-bdc5-45d9-a729-ddde18ecb357,True,1,1,4,2026-03-12T20:04:30.659099+00:00,6,1155a0bc-1a68-42a0-98a9-457bcc557aed,add,115.0,1.0,1,125.0,1.0,1,10.0,120.0,1773345870.66201
7c66ac1d-3963-43bb-9743-a80b9f068ec9,True,2,1,1,2026-03-12T20:04:59.437310+00:00,1,1f803df2-bda0-4df1-82e6-de97e27c901b,add,120.0,1.0,1,,,,,,1773345899.440934
7c66ac1d-3963-43bb-9743-a80b9f068ec9,True,2,1,2,2026-03-12T20:04:59.441694+00:00,2,,trade,,,,,,,,,1773345899.450089
7c66ac1d-3963-43bb-9743-a80b9f068ec9,True,2,1,3,2026-03-12T20:04:59.453027+00:00,5,bf8f0832-8b38-452a-9ac7-3afdd470c6ed,add,115.0,1.0,1,,,,,,1773345899.455786
7c66ac1d-3963-43bb-9743-a80b9f068ec9,True,2,1,4,2026-03-12T20:04:59.456546+00:00,6,d6798359-9df0-4408-96e8-24cc8aebafba,add,115.0,1.0,1,125.0,1.0,1,10.0,120.0,1773345899.459289
a46e1596-3258-4543-8753-2754f094e147,True,1,1,1,2026-03-12T20:04:30.785833+00:00,1,bdd91f0b-a23f-4f1b-8759-72633a584dd3,add,120.0,1.0,1,,,,,,1773345870.789425
a46e1596-3258-4543-8753-2754f094e147,True,1,1,2,2026-03-12T20:04:30.790194+00:00,2,,trade,,,,,,,,,1773345870.798816
a46e1596-3258-4543-8753-2754f094e147,True,1,1,3,2026-03-12T20:04:30.802160+00:00,5,ecdd7a76-7798-4e96-8200-71a3a182c4f7,add,115.0,1.0,1,,,,,,1773345870.80514
a46e1596-3258-4543-8753-2754f094e147,True,1,1,4,2026-03-12T20:04:30.805947+00:00,6,80f04f0d-0e16-4f30-84bf-312f61248ff4,add,115.0,1.0,1,125.0,1.0,1,10.0,120.0,1773345870.808519
6e2b183b-de85-4dd3-a32c-800680712da0,True,2,1,1,2026-03-12T20:04:59.598191+00:00,1,6a4fda6c-d922-457b-be4a-9a7cdd205975,add,120.0,1.0,1,,,,,,1773345899.601709
6e2b183b-de85-4dd3-a32c-800680712da0,True,2,1,2,2026-03-12T20:04:59.602596+00:00,2,,trade,,,,,,,,,1773345899.611813
6e2b183b-de85-4dd3-a32c-800680712da0,True,2,1,3,2026-03-12T20:04:59.614795+00:00,5,4f901605-972a-45ec-995b-c6cd6742cd84,add,115.0,1.0,1,,,,,,1773345899.617409
6e2b183b-de85-4dd3-a32c-800680712da0,True,2,1,4,2026-03-12T20:04:59.618435+00:00,6,0b1edc12-e228-488c-afb1-284524ddf2ed,add,115.0,1.0,1,125.0,1.0,1,10.0,120.0,1773345899.621206
4052c1fa-c2e3-45b4-932a-744c92a49759,True,1,1,1,2026-03-12T20:04:30.922798+00:00,1,d3e1c85c-9742-40d7-910e-7a3088f87f92,add,120.0,1.0,1,,,,,,1773345870.92699
4052c1fa-c2e3-45b4-932a-744c92a49759,True,1,1,2,2026-03-12T20:04:30.928226+00:00,2,,trade,,,,,,,,,1773345870.93789
4052c1fa-c2e3-45b4-932a-744c92a49759,True,1,1,3,2026-03-12T20:04:30.941225+00:00,5,a630fd30-7319-43c3-b073-bc5dd39afa84,add,115.0,1.0,1,,,,,,1773345870.944297
4052c1fa-c2e3-45b4-932a-744c92a49759,True,1,1,4,2026-03-12T20:04:30.945147+00:00,6,0b2e32f3-d819-46b6-bd2d-6ae56cf8ca60,add,115.0,1.0,1,125.0,1.0,1,10.0,120.0,1773345870.947963
2fe71a89-2710-49b6-b6be-8054acbaea7b,True,2,1,1,2026-03-12T20:04:59.759559+00:00,1,f780da64-bd24-4f46-bfa2-b34311d6d749,add,120.0,1.0,1,,,,,,1773345899.763505
2fe71a89-2710-49b6-b6be-8054acbaea7b,True,2,1,2,2026-03-12T20:04:59.764361+00:00,2,,trade,,,,,,,,,1773345899.772436
2fe71a89-2710-49b6-b6be-8054acbaea7b,True,2,1,3,2026-03-12T20:04:59.775275+00:00,5,631a9c9c-858d-488c-9513-d9a04fb47833,add,115.0,1.0,1,,,,,,1773345899.778237
2fe71a89-2710-49b6-b6be-8054acbaea7b,True,2,1,4,2026-03-12T20:04:59.779004+00:00,6,8130af7f-82f2-4821-92ac-f56caff8a9fa,add,115.0,1.0,1,125.0,1.0,1,10.0,120.0,1773345899.781704
657c3e40-7bbe-4650-bda7-753189c24c57,True,1,1,1,2026-03-12T20:04:31.053363+00:00,1,fc08fb7a-fcb0-456a-8fad-6487e74f0975,add,120.0,1.0,1,,,,,,1773345871.057838
657c3e40-7bbe-4650-bda7-753189c24c57,True,1,1,2,2026-03-12T20:04:31.058667+00:00,2,,trade,,,,,,,,,1773345871.067198
657c3e40-7bbe-4650-bda7-753189c24c57,True,1,1,3,2026-03-12T20:04:31.070916+00:00,5,31b53f9b-1b98-4387-99a9-eed464625d0e,add,115.0,1.0,1,,,,,,1773345871.073723
657c3e40-7bbe-4650-bda7-753189c24c57,True,1,1,4,2026-03-12T20:04:31.074432+00:00,6,aec500b1-0322-421c-b2ae-a9ac24195c32,add,115.0,1.0,1,125.0,1.0,1,10.0,120.0,1773345871.077682
8c3d4f5e-1e2f-4a32-aa35-a40be5a8ea96,True,2,1,1,2026-03-12T20:04:59.918533+00:00,1,bd271f6f-40e0-41cd-837a-90ae5c6bd83f,add,120.0,1.0,1,,,,,,1773345899.935935
8c3d4f5e-1e2f-4a32-aa35-a40be5a8ea96,True,2,1,2,2026-03-12T20:04:59.939857+00:00,2,,trade,,,,,,,,,1773345899.947287
8c3d4f5e-1e2f-4a32-aa35-a40be5a8ea96,True,2,1,3,2026-03-12T20:04:59.950231+00:00,5,ca595d1a-e29a-485a-a0a0-b0f5d8d38778,add,115.0,1.0,1,,,,,,1773345899.953268
8c3d4f5e-1e2f-4a32-aa35-a40be5a8ea96,True,2,1,4,2026-03-12T20:04:59.954155+00:00,6,aece2f2c-5f86-4fc8-a02a-50d40d5f9298,add,115.0,1.0,1,125.0,1.0,1,10.0,120.0,1773345899.956781
c40d5bbe-4bd4-406c-9336-0d56b2f7c5a6,True,1,1,1,2026-03-12T20:04:31.184757+00:00,1,de2873d0-b472-4899-9f59-0e4147e81665,add,120.0,1.0,1,,,,,,1773345871.188635
c40d5bbe-4bd4-406c-9336-0d56b2f7c5a6,True,1,1,2,2026-03-12T20:04:31.189589+00:00,2,,trade,,,,,,,,,1773345871.199358
c40d5bbe-4bd4-406c-9336-0d56b2f7c5a6,True,1,1,3,2026-03-12T20:04:31.202459+00:00,5,50c83850-3b24-4921-b99f-d503a02152ea,add,115.0,1.0,1,,,,,,1773345871.205228
c40d5bbe-4bd4-406c-9336-0d56b2f7c5a6,True,1,1,4,2026-03-12T20:04:31.205983+00:00,6,dc4b071e-69ca-4a10-9ad6-a9c6780c94a7,add,115.0,1.0,1,125.0,1.0,1,10.0,120.0,1773345871.208924
65aed778-b100-4e20-b8e9-deb196fd8881,True,2,1,1,2026-03-12T20:05:00.089147+00:00,1,566b0a8d-0c09-4acf-a90e-35de14bba023,add,120.0,1.0,1,,,,,,1773345900.092645
65aed778-b100-4e20-b8e9-deb196fd8881,True,2,1,2,2026-03-12T20:05:00.093443+00:00,2,,trade,,,,,,,,,1773345900.102018
65aed778-b100-4e20-b8e9-deb196fd8881,True,2,1,3,2026-03-12T20:05:00.104906+00:00,5,2265fdf8-e5ad-4bfe-aecb-ecec3ee574c7,add,115.0,1.0,1,,,,,,1773345900.107431
65aed778-b100-4e20-b8e9-deb196fd8881,True,2,1,4,2026-03-12T20:05:00.108141+00:00,6,debcaf4d-b60b-47ce-a108-1eda19ae364b,add,115.0,1.0,1,125.0,1.0,1,10.0,120.0,1773345900.111123
f0a7a737-732b-4f20-91fd-b2acd38ddeb6,True,1,1,1,2026-03-12T20:04:31.318880+00:00,1,818776b0-dd5b-4d70-b38d-1358d97f5d16,add,120.0,1.0,1,,,,,,1773345871.322781
f0a7a737-732b-4f20-91fd-b2acd38ddeb6,True,1,1,2,2026-03-12T20:04:31.323621+00:00,2,,trade,,,,,,,,,1773345871.332324
f0a7a737-732b-4f20-91fd-b2acd38ddeb6,True,1,1,3,2026-03-12T20:04:31.336421+00:00,5,3f002749-813d-4459-a982-b20cceeb6c76,add,115.0,1.0,1,,,,,,1773345871.339614
f0a7a737-732b-4f20-91fd-b2acd38ddeb6,True,1,1,4,2026-03-12T20:04:31.340478+00:00,6,cf0be8db-ed75-4ee8-83a8-aca870d469b9,add,115.0,1.0,1,125.0,1.0,1,10.0,120.0,1773345871.343428
2f898fc8-09ff-41e4-987e-1914a9953f13,True,2,1,1,2026-03-12T20:05:00.242093+00:00,1,a0c2921b-ae01-4098-b243-672aba04e9db,add,120.0,1.0,1,,,,,,1773345900.245806
2f898fc8-09ff-41e4-987e-1914a9953f13,True,2,1,2,2026-03-12T20:05:00.246834+00:00,2,,trade,,,,,,,,,1773345900.254735
2f898fc8-09ff-41e4-987e-1914a9953f13,True,2,1,3,2026-03-12T20:05:00.257692+00:00,5,22ac382d-4fc7-409a-b1fb-ac067e05b985,add,115.0,1.0,1,,,,,,1773345900.260453
2f898fc8-09ff-41e4-987e-1914a9953f13,True,2,1,4,2026-03-12T20:05:00.261331+00:00,6,3fe24dc0-fd39-41bd-9210-84224e8b16cc,add,115.0,1.0,1,125.0,1.0,1,10.0,120.0,1773345900.264073
ae19b1b3-531b-4422-878e-5cd15fb057a1,True,1,1,1,2026-03-12T20:04:31.517004+00:00,1,0d0b74c9-17ce-409c-a151-e2a39b356d9a,add,120.0,1.0,1,,,,,,1773345871.520916
ae19b1b3-531b-4422-878e-5cd15fb057a1,True,1,1,2,2026-03-12T20:04:31.521763+00:00,2,,trade,,,,,,,,,1773345871.530231
ae19b1b3-531b-4422-878e-5cd15fb057a1,True,1,1,3,2026-03-12T20:04:31.533365+00:00,5,2504af18-c59b-44fd-b171-039b8beefaa4,add,115.0,1.0,1,,,,,,1773345871.536397
ae19b1b3-531b-4422-878e-5cd15fb057a1,True,1,1,4,2026-03-12T20:04:31.537320+00:00,6,3d3cb540-8604-4790-b3e0-496275a46dcd,add,115.0,1.0,1,125.0,1.0,1,10.0,120.0,1773345871.540037
dad6ff9b-ff1c-4e5f-95bd-692b10c35b4d,True,2,1,1,2026-03-12T20:05:00.402577+00:00,1,82d55557-1672-4ead-97ff-34dea3ecc76f,add,120.0,1.0,1,,,,,,1773345900.406342
dad6ff9b-ff1c-4e5f-95bd-692b10c35b4d,True,2,1,2,2026-03-12T20:05:00.407078+00:00,2,,trade,,,,,,,,,1773345900.415535
dad6ff9b-ff1c-4e5f-95bd-692b10c35b4d,True,2,1,3,2026-03-12T20:05:00.418654+00:00,5,02d51d47-d78b-4bf1-a926-a8332e5b8c50,add,115.0,1.0,1,,,,,,1773345900.421531
dad6ff9b-ff1c-4e5f-95bd-692b10c35b4d,True,2,1,4,2026-03-12T20:05:00.422282+00:00,6,2cb080ba-3666-4e4e-b04f-b8f1b3d5a86b,add,115.0,1.0,1,125.0,1.0,1,10.0,120.0,1773345900.424961
ab3ba546-f456-4f47-bf4a-9b24262c4eab,True,1,1,1,2026-03-12T20:04:31.652305+00:00,1,9f595137-0a35-4779-8df3-71c1761de8c4,add,120.0,1.0,1,,,,,,1773345871.655948
ab3ba546-f456-4f47-bf4a-9b24262c4eab,True,1,1,2,2026-03-12T20:04:31.656707+00:00,2,,trade,,,,,,,,,1773345871.665682
ab3ba546-f456-4f47-bf4a-9b24262c4eab,True,1,1,3,2026-03-12T20:04:31.669101+00:00,5,36b86fbb-db1e-4aa5-9d60-965c017f41bd,add,115.0,1.0,1,,,,,,1773345871.672144
ab3ba546-f456-4f47-bf4a-9b24262c4eab,True,1,1,4,2026-03-12T20:04:31.672935+00:00,6,efa37606-e95e-4aeb-a404-b96ba3cbaf73,add,115.0,1.0,1,125.0,1.0,1,10.0,120.0,1773345871.675605
c511f4c3-82e8-4b81-80aa-e809ac35a687,True,2,1,1,2026-03-12T20:05:00.569211+00:00,1,ebe5304a-91e4-40a3-a238-e60901e1ef1f,add,120.0,1.0,1,,,,,,1773345900.573169
c511f4c3-82e8-4b81-80aa-e809ac35a687,True,2,1,2,2026-03-12T20:05:00.573950+00:00,2,,trade,,,,,,,,,1773345900.581867
c511f4c3-82e8-4b81-80aa-e809ac35a687,True,2,1,3,2026-03-12T20:05:00.584824+00:00,5,cceb3df7-daef-4a77-b11b-caad2478da1e,add,115.0,1.0,1,,,,,,1773345900.587543
c511f4c3-82e8-4b81-80aa-e809ac35a687,True,2,1,4,2026-03-12T20:05:00.588402+00:00,6,7b05c3d3-475b-48e1-b53a-b310a4d9c159,add,115.0,1.0,1,125.0,1.0,1,10.0,120.0,1773345900.591135
e47c7178-3934-480f-aa96-d6f8f595ee66,True,1,1,1,2026-03-12T20:04:31.790835+00:00,1,8eb31005-2565-4396-a022-76317ba658dd,add,120.0,1.0,1,,,,,,1773345871.794601
e47c7178-3934-480f-aa96-d6f8f595ee66,True,1,1,2,2026-03-12T20:04:31.795416+00:00,2,,trade,,,,,,,,,1773345871.804397
e47c7178-3934-480f-aa96-d6f8f595ee66,True,1,1,3,2026-03-12T20:04:31.807646+00:00,5,7eb2ccdd-51db-42b3-87e2-4e3949de2874,add,115.0,1.0,1,,,,,,1773345871.810355
e47c7178-3934-480f-aa96-d6f8f595ee66,True,1,1,4,2026-03-12T20:04:31.811132+00:00,6,118f8f59-13c7-417b-8c19-5b013591c363,add,115.0,1.0,1,125.0,1.0,1,10.0,120.0,1773345871.81409
6254b167-01d4-4dc2-ad4e-c81d5189d087,True,2,1,1,2026-03-12T20:05:00.727480+00:00,1,b66fd990-f87b-4e0a-accd-17b9adc503af,add,120.0,1.0,1,,,,,,1773345900.731525
6254b167-01d4-4dc2-ad4e-c81d5189d087,True,2,1,2,2026-03-12T20:05:00.732452+00:00,2,,trade,,,,,,,,,1773345900.740864
6254b167-01d4-4dc2-ad4e-c81d5189d087,True,2,1,3,2026-03-12T20:05:00.743832+00:00,5,80d0cb55-6acc-4a01-89ed-e428d71d98f6,add,115.0,1.0,1,,,,,,1773345900.746452
6254b167-01d4-4dc2-ad4e-c81d5189d087,True,2,1,4,2026-03-12T20:05:00.747262+00:00,6,37d9ce67-b658-4044-9fd4-ca2535b14b9c,add,115.0,1.0,1,125.0,1.0,1,10.0,120.0,1773345900.74974
474f1810-eaa7-4594-91f0-47ea66282217,True,1,1,1,2026-03-12T20:04:31.923692+00:00,1,42b3398b-00df-42e7-93c9-3ef11c4b41d3,add,120.0,1.0,1,,,,,,1773345871.927631
474f1810-eaa7-4594-91f0-47ea66282217,True,1,1,2,2026-03-12T20:04:31.928437+00:00,2,,trade,,,,,,,,,1773345871.937074
474f1810-eaa7-4594-91f0-47ea66282217,True,1,1,3,2026-03-12T20:04:31.940503+00:00,5,78542947-348f-431b-8f96-3f6228fa26ba,add,115.0,1.0,1,,,,,,1773345871.943279
474f1810-eaa7-4594-91f0-47ea66282217,True,1,1,4,2026-03-12T20:04:31.944386+00:00,6,294d85d5-d8cb-469c-b9ed-71f1e4e69f22,add,115.0,1.0,1,125.0,1.0,1,10.0,120.0,1773345871.94774
880d478c-813a-4ed3-9ba3-5d0b06c1c059,True,2,1,1,2026-03-12T20:05:00.931118+00:00,1,7a103ce1-37d5-4d8d-8861-2d915b30eeac,add,120.0,1.0,1,,,,,,1773345900.934847
880d478c-813a-4ed3-9ba3-5d0b06c1c059,True,2,1,2,2026-03-12T20:05:00.935681+00:00,2,,trade,,,,,,,,,1773345900.943993
880d478c-813a-4ed3-9ba3-5d0b06c1c059,True,2,1,3,2026-03-12T20:05:00.947280+00:00,5,0f6f5f0c-49b3-4fac-856b-1c94513f64f8,add,115.0,1.0,1,,,,,,1773345900.949768
880d478c-813a-4ed3-9ba3-5d0b06c1c059,True,2,1,4,2026-03-12T20:05:00.950430+00:00,6,3cba23a3-954f-4356-8218-84733651db65,add,115.0,1.0,1,125.0,1.0,1,10.0,120.0,1773345900.953266
4f64d5ce-b098-44fb-8a0b-6c2d7b8e40ea,True,1,1,1,2026-03-12T20:04:32.055760+00:00,1,6ea6a9c8-0401-4e16-a2c7-15f2cb490a07,add,120.0,1.0,1,,,,,,1773345872.059421
4f64d5ce-b098-44fb-8a0b-6c2d7b8e40ea,True,1,1,2,2026-03-12T20:04:32.060237+00:00,2,,trade,,,,,,,,,1773345872.068712
4f64d5ce-b098-44fb-8a0b-6c2d7b8e40ea,True,1,1,3,2026-03-12T20:04:32.071958+00:00,5,1a51dc0a-e36b-497e-92c0-bb97fc7660e3,add,115.0,1.0,1,,,,,,1773345872.07506
4f64d5ce-b098-44fb-8a0b-6c2d7b8e40ea,True,1,1,4,2026-03-12T20:04:32.075855+00:00,6,f07623aa-0341-4e61-88e3-b0571aa2e0f6,add,115.0,1.0,1,125.0,1.0,1,10.0,120.0,1773345872.078439
e79e6f3d-d4a5-4fa9-992f-b000fd4143a6,True,2,1,1,2026-03-12T20:05:01.085472+00:00,1,88f68e2a-433b-46ed-b327-dcf63df65b69,add,120.0,1.0,1,,,,,,1773345901.089505
e79e6f3d-d4a5-4fa9-992f-b000fd4143a6,True,2,1,2,2026-03-12T20:05:01.090372+00:00,2,,trade,,,,,,,,,1773345901.098671
e79e6f3d-d4a5-4fa9-992f-b000fd4143a6,True,2,1,3,2026-03-12T20:05:01.101707+00:00,5,78c3f9b0-d11c-4202-8f44-783420c29991,add,115.0,1.0,1,,,,,,1773345901.104544
e79e6f3d-d4a5-4fa9-992f-b000fd4143a6,True,2,1,4,2026-03-12T20:05:01.105302+00:00,6,7a7c8e92-461f-452b-b5c6-3c989b735993,add,115.0,1.0,1,125.0,1.0,1,10.0,120.0,1773345901.107955
0949d4fc-97a0-444b-8d6c-f803e06f1682,True,1,1,1,2026-03-12T20:04:32.180923+00:00,1,b061fc97-d099-4d84-ac0a-27bf8fd90244,add,120.0,1.0,1,,,,,,1773345872.184842
0949d4fc-97a0-444b-8d6c-f803e06f1682,True,1,1,2,2026-03-12T20:04:32.185706+00:00,2,,trade,,,,,,,,,1773345872.19381
0949d4fc-97a0-444b-8d6c-f803e06f1682,True,1,1,3,2026-03-12T20:04:32.197366+00:00,5,c0766282-75bc-4ea5-a0a6-e5f2040b3f0e,add,115.0,1.0,1,,,,,,1773345872.20006
0949d4fc-97a0-444b-8d6c-f803e06f1682,True,1,1,4,2026-03-12T20:04:32.200826+00:00,6,81f98b15-ebae-4128-a64a-668a6fb948f0,add,115.0,1.0,1,125.0,1.0,1,10.0,120.0,1773345872.203617
95af4d6b-2b33-4645-b3d5-b6e2643f3b0f,True,2,1,1,2026-03-12T20:05:01.238296+00:00,1,48c85314-c465-4706-89cc-ef5875381847,add,120.0,1.0,1,,,,,,1773345901.241964
95af4d6b-2b33-4645-b3d5-b6e2643f3b0f,True,2,1,2,2026-03-12T20:05:01.242749+00:00,2,,trade,,,,,,,,,1773345901.250816
95af4d6b-2b33-4645-b3d5-b6e2643f3b0f,True,2,1,3,2026-03-12T20:05:01.253789+00:00,5,3c5f0376-6185-4008-a519-c5a05d445aa7,add,115.0,1.0,1,,,,,,1773345901.256698
95af4d6b-2b33-4645-b3d5-b6e2643f3b0f,True,2,1,4,2026-03-12T20:05:01.257433+00:00,6,9f2ba8ec-39ae-400f-b86c-4ff19b188f90,add,115.0,1.0,1,125.0,1.0,1,10.0,120.0,1773345901.260032
ad89cdcb-0d80-4383-8cbe-9cee86446c0d,True,1,1,1,2026-03-12T20:04:32.310679+00:00,1,b453b105-af6d-4872-bfba-e0a80872161c,add,120.0,1.0,1,,,,,,1773345872.314494
ad89cdcb-0d80-4383-8cbe-9cee86446c0d,True,1,1,2,2026-03-12T20:04:32.315438+00:00,2,,trade,,,,,,,,,1773345872.331928
ad89cdcb-0d80-4383-8cbe-9cee86446c0d,True,1,1,3,2026-03-12T20:04:32.335229+00:00,5,a7f5ae86-3b02-45c3-941d-09a6fb0ea5c2,add,115.0,1.0,1,,,,,,1773345872.338342
ad89cdcb-0d80-4383-8cbe-9cee86446c0d,True,1,1,4,2026-03-12T20:04:32.339442+00:00,6,d83b3789-5df9-4c95-aa5d-5cd302f4b852,add,115.0,1.0,1,125.0,1.0,1,10.0,120.0,1773345872.342113
ec1e00b1-0ef5-421d-98ea-50477f772fe5,True,2,1,1,2026-03-12T20:05:01.401301+00:00,1,17a6ffba-2ffe-4911-a505-623d3202da05,add,120.0,1.0,1,,,,,,1773345901.405121
ec1e00b1-0ef5-421d-98ea-50477f772fe5,True,2,1,2,2026-03-12T20:05:01.405958+00:00,2,,trade,,,,,,,,,1773345901.414332
ec1e00b1-0ef5-421d-98ea-50477f772fe5,True,2,1,3,2026-03-12T20:05:01.417502+00:00,5,1948b741-e1f8-4154-a642-14ad3d3f1149,add,115.0,1.0,1,,,,,,1773345901.420495
ec1e00b1-0ef5-421d-98ea-50477f772fe5,True,2,1,4,2026-03-12T20:05:01.421447+00:00,6,b8ce9520-569d-402f-be4d-04ad72eb97f2,add,115.0,1.0,1,125.0,1.0,1,10.0,120.0,1773345901.424458
979c5b15-c357-4efe-af9d-e7bb26f487cf,True,1,1,1,2026-03-12T20:04:32.454572+00:00,1,217f18be-09ba-41fb-8948-1126dc164764,add,120.0,1.0,1,,,,,,1773345872.458162
979c5b15-c357-4efe-af9d-e7bb26f487cf,True,1,1,2,2026-03-12T20:04:32.458952+00:00,2,,trade,,,,,,,,,1773345872.467887
979c5b15-c357-4efe-af9d-e7bb26f487cf,True,1,1,3,2026-03-12T20:04:32.471440+00:00,5,0fe9114e-89d7-4558-9b14-95199608898b,add,115.0,1.0,1,,,,,,1773345872.4744
979c5b15-c357-4efe-af9d-e7bb26f487cf,True,1,1,4,2026-03-12T20:04:32.475150+00:00,6,80c38619-7d8b-4c2e-9716-e7c62fa49481,add,115.0,1.0,1,125.0,1.0,1,10.0,120.0,1773345872.477901
a1804240-d0d1-45e8-89d2-63cf3fb641f6,True,2,1,1,2026-03-12T20:05:01.561661+00:00,1,0ab951df-a603-49b8-9ee4-b17c35ea6a5b,add,120.0,1.0,1,,,,,,1773345901.565351
a1804240-d0d1-45e8-89d2-63cf3fb641f6,True,2,1,2,2026-03-12T20:05:01.566207+00:00,2,,trade,,,,,,,,,1773345901.574883
a1804240-d0d1-45e8-89d2-63cf3fb641f6,True,2,1,3,2026-03-12T20:05:01.577755+00:00,5,eefeeb6c-c190-46a7-9f50-ceaa977256b1,add,115.0,1.0,1,,,,,,1773345901.580726
a1804240-d0d1-45e8-89d2-63cf3fb641f6,True,2,1,4,2026-03-12T20:05:01.581490+00:00,6,5bdbf6d5-e4bd-4320-bcd0-cda52dfb6c75,add,115.0,1.0,1,125.0,1.0,1,10.0,120.0,1773345901.584135
eff197ac-1d21-44b2-b62f-293b388ab7e6,True,1,1,1,2026-03-12T20:04:32.589199+00:00,1,fbd3974c-2b00-4b7e-a0fb-25d685aac7b9,add,120.0,1.0,1,,,,,,1773345872.593112
eff197ac-1d21-44b2-b62f-293b388ab7e6,True,1,1,2,2026-03-12T20:04:32.594399+00:00,2,,trade,,,,,,,,,1773345872.602894
eff197ac-1d21-44b2-b62f-293b388ab7e6,True,1,1,3,2026-03-12T20:04:32.606449+00:00,5,3b64a499-b0ac-4710-9771-ba98e1aa3716,add,115.0,1.0,1,,,,,,1773345872.609265
eff197ac-1d21-44b2-b62f-293b388ab7e6,True,1,1,4,2026-03-12T20:04:32.610472+00:00,6,6db433e2-1b6c-4720-b3e3-0d53b9392cc9,add,115.0,1.0,1,125.0,1.0,1,10.0,120.0,1773345872.613518
679b105c-e2fa-4b3f-b7a0-8c3a43dab209,True,2,1,1,2026-03-12T20:05:01.722129+00:00,1,0786b2be-2a28-4efa-8dee-ae6e61aa740b,add,120.0,1.0,1,,,,,,1773345901.726075
679b105c-e2fa-4b3f-b7a0-8c3a43dab209,True,2,1,2,2026-03-12T20:05:01.727108+00:00,2,,trade,,,,,,,,,1773345901.73537
679b105c-e2fa-4b3f-b7a0-8c3a43dab209,True,2,1,3,2026-03-12T20:05:01.738305+00:00,5,90339071-af2a-46e9-a6bc-e2627ee0f3cc,add,115.0,1.0,1,,,,,,1773345901.740889
679b105c-e2fa-4b3f-b7a0-8c3a43dab209,True,2,1,4,2026-03-12T20:05:01.741669+00:00,6,b1199654-56b7-4c82-827e-c08129d6c33f,add,115.0,1.0,1,125.0,1.0,1,10.0,120.0,1773345901.744562
26f642d9-732c-44d5-bbf2-cdaafddc2f95,True,1,1,1,2026-03-12T20:04:32.724766+00:00,1,95b216f4-e804-44a9-9265-c5485c935129,add,120.0,1.0,1,,,,,,1773345872.729045
26f642d9-732c-44d5-bbf2-cdaafddc2f95,True,1,1,2,2026-03-12T20:04:32.729950+00:00,2,,trade,,,,,,,,,1773345872.739512
26f642d9-732c-44d5-bbf2-cdaafddc2f95,True,1,1,3,2026-03-12T20:04:32.743079+00:00,5,e2d5fcdc-a887-4858-888c-8a6b653ec59c,add,115.0,1.0,1,,,,,,1773345872.746043
26f642d9-732c-44d5-bbf2-cdaafddc2f95,True,1,1,4,2026-03-12T20:04:32.746864+00:00,6,d28b305d-b8a1-48b6-a7d8-da30659cc0b6,add,115.0,1.0,1,125.0,1.0,1,10.0,120.0,1773345872.749618
e01fe5d0-6bf8-47f6-88e5-bf184753f785,True,2,1,1,2026-03-12T20:05:01.881966+00:00,1,3c2a7e8b-f679-467e-9aa7-7c072b58eee5,add,120.0,1.0,1,,,,,,1773345901.885222
e01fe5d0-6bf8-47f6-88e5-bf184753f785,True,2,1,2,2026-03-12T20:05:01.885942+00:00,2,,trade,,,,,,,,,1773345901.894136
e01fe5d0-6bf8-47f6-88e5-bf184753f785,True,2,1,3,2026-03-12T20:05:01.897518+00:00,5,207e7d75-474e-4b0b-816f-b16604ee212e,add,115.0,1.0,1,,,,,,1773345901.900128
e01fe5d0-6bf8-47f6-88e5-bf184753f785,True,2,1,4,2026-03-12T20:05:01.900824+00:00,6,913657dc-6b01-4674-9cad-ddee09860512,add,115.0,1.0,1,125.0,1.0,1,10.0,120.0,1773345901.903586
0c9579dd-a9b8-4ae2-b1c4-6e15fb0bea33,True,1,1,1,2026-03-12T20:04:32.862010+00:00,1,c9e1b1c3-6bfe-47c0-8d14-7f9fe074c3e0,add,120.0,1.0,1,,,,,,1773345872.865939
0c9579dd-a9b8-4ae2-b1c4-6e15fb0bea33,True,1,1,2,2026-03-12T20:04:32.866889+00:00,2,,trade,,,,,,,,,1773345872.875913
0c9579dd-a9b8-4ae2-b1c4-6e15fb0bea33,True,1,1,3,2026-03-12T20:04:32.879368+00:00,5,a271f1b9-b2ca-4b61-8e26-1005c0d5d8c2,add,115.0,1.0,1,,,,,,1773345872.882376
0c9579dd-a9b8-4ae2-b1c4-6e15fb0bea33,True,1,1,4,2026-03-12T20:04:32.883243+00:00,6,f1fa3727-de31-4edb-a122-47f0a862bd50,add,115.0,1.0,1,125.0,1.0,1,10.0,120.0,1773345872.886307
3ae67108-e3b9-407f-8cba-c4995ea523fd,True,2,1,1,2026-03-12T20:05:02.040843+00:00,1,2f29e6dc-a46e-4220-abfa-24a53288f0e0,add,120.0,1.0,1,,,,,,1773345902.044344
3ae67108-e3b9-407f-8cba-c4995ea523fd,True,2,1,2,2026-03-12T20:05:02.045147+00:00,2,,trade,,,,,,,,,1773345902.053508
3ae67108-e3b9-407f-8cba-c4995ea523fd,True,2,1,3,2026-03-12T20:05:02.056944+00:00,5,c5534135-5e97-48db-89d9-16de7ac5383d,add,115.0,1.0,1,,,,,,1773345902.059565
3ae67108-e3b9-407f-8cba-c4995ea523fd,True,2,1,4,2026-03-12T20:05:02.060448+00:00,6,b5053185-44b6-472d-a743-cb6045bc47de,add,115.0,1.0,1,125.0,1.0,1,10.0,120.0,1773345902.063593
0d42d491-4149-4fc0-ba46-07fa7398ab4a,True,1,1,1,2026-03-12T20:04:33.000859+00:00,1,7c23bb7d-027a-45c6-a5ab-a5050a699bbb,add,120.0,1.0,1,,,,,,1773345873.0046
0d42d491-4149-4fc0-ba46-07fa7398ab4a,True,1,1,2,2026-03-12T20:04:33.005862+00:00,2,,trade,,,,,,,,,1773345873.015274
0d42d491-4149-4fc0-ba46-07fa7398ab4a,True,1,1,3,2026-03-12T20:04:33.019153+00:00,5,990604b4-2db9-41d5-978d-7445fb236a72,add,115.0,1.0,1,,,,,,1773345873.022587
0d42d491-4149-4fc0-ba46-07fa7398ab4a,True,1,1,4,2026-03-12T20:04:33.023573+00:00,6,273a78a7-c25e-4d69-b9b5-12a2c7fbd35a,add,115.0,1.0,1,125.0,1.0,1,10.0,120.0,1773345873.026546
9a24416c-ae0e-4507-ad83-96184363b7b9,True,2,1,1,2026-03-12T20:05:02.192435+00:00,1,881ba906-34fb-4d62-a5e3-9dfb5f4aecc5,add,120.0,1.0,1,,,,,,1773345902.196175
9a24416c-ae0e-4507-ad83-96184363b7b9,True,2,1,2,2026-03-12T20:05:02.196988+00:00,2,,trade,,,,,,,,,1773345902.205711
9a24416c-ae0e-4507-ad83-96184363b7b9,True,2,1,3,2026-03-12T20:05:02.209244+00:00,5,5dd31e10-9fd2-43ea-a96d-ab97b49ed1b8,add,115.0,1.0,1,,,,,,1773345902.212566
9a24416c-ae0e-4507-ad83-96184363b7b9,True,2,1,4,2026-03-12T20:05:02.213599+00:00,6,62be2105-02a1-4420-97de-2f0484ff0e1a,add,115.0,1.0,1,125.0,1.0,1,10.0,120.0,1773345902.216289
85a64a04-86eb-400d-97fc-3e8d068d02e1,True,1,1,1,2026-03-12T20:04:33.133704+00:00,1,580a4021-bb95-4359-ae24-c935940f5c17,add,120.0,1.0,1,,,,,,1773345873.137953
85a64a04-86eb-400d-97fc-3e8d068d02e1,True,1,1,2,2026-03-12T20:04:33.138950+00:00,2,,trade,,,,,,,,,1773345873.147299
85a64a04-86eb-400d-97fc-3e8d068d02e1,True,1,1,3,2026-03-12T20:04:33.150536+00:00,5,4dd82b16-333d-4b3a-9969-e5c45a0c0410,add,115.0,1.0,1,,,,,,1773345873.153605
85a64a04-86eb-400d-97fc-3e8d068d02e1,True,1,1,4,2026-03-12T20:04:33.154562+00:00,6,d18a5ff6-df33-41f1-98a4-7884f8a6187c,add,115.0,1.0,1,125.0,1.0,1,10.0,120.0,1773345873.157819
98817a7e-1689-4464-8a96-46927d3937c5,True,2,1,1,2026-03-12T20:05:02.352811+00:00,1,e7638c13-076a-4ce0-999e-307ab22792f2,add,120.0,1.0,1,,,,,,1773345902.356628
98817a7e-1689-4464-8a96-46927d3937c5,True,2,1,2,2026-03-12T20:05:02.357381+00:00,2,,trade,,,,,,,,,1773345902.36636
98817a7e-1689-4464-8a96-46927d3937c5,True,2,1,3,2026-03-12T20:05:02.369761+00:00,5,156aec5a-66e5-45cf-bcdf-6f00e23d23e3,add,115.0,1.0,1,,,,,,1773345902.372499
98817a7e-1689-4464-8a96-46927d3937c5,True,2,1,4,2026-03-12T20:05:02.373285+00:00,6,46c91461-149f-4a20-9e06-1284ebeb0937,add,115.0,1.0,1,125.0,1.0,1,10.0,120.0,1773345902.376031
2d2ba8c5-4cbd-4dbe-8c87-59e6875e5590,True,1,1,1,2026-03-12T20:04:33.306511+00:00,1,10eaa987-25c0-43f6-9065-f606ce7cc207,add,120.0,1.0,1,,,,,,1773345873.310784
2d2ba8c5-4cbd-4dbe-8c87-59e6875e5590,True,1,1,2,2026-03-12T20:04:33.312130+00:00,2,,trade,,,,,,,,,1773345873.321217
2d2ba8c5-4cbd-4dbe-8c87-59e6875e5590,True,1,1,3,2026-03-12T20:04:33.324684+00:00,5,84eeacb5-3cd1-47b7-81df-27a0302753ae,add,115.0,1.0,1,,,,,,1773345873.327209
2d2ba8c5-4cbd-4dbe-8c87-59e6875e5590,True,1,1,4,2026-03-12T20:04:33.328072+00:00,6,24e36c63-61b0-483f-9e9b-03bafd602cac,add,115.0,1.0,1,125.0,1.0,1,10.0,120.0,1773345873.331217
12d86290-f8f7-408e-bfc6-637fc4635c66,True,2,1,1,2026-03-12T20:05:02.515039+00:00,1,99d2c52a-6c58-4c7f-a290-0c89801601ad,add,120.0,1.0,1,,,,,,1773345902.518779
12d86290-f8f7-408e-bfc6-637fc4635c66,True,2,1,2,2026-03-12T20:05:02.519778+00:00,2,,trade,,,,,,,,,1773345902.528674
12d86290-f8f7-408e-bfc6-637fc4635c66,True,2,1,3,2026-03-12T20:05:02.531757+00:00,5,b9509805-8733-47bb-91ea-882ca6fce5d1,add,115.0,1.0,1,,,,,,1773345902.534325
12d86290-f8f7-408e-bfc6-637fc4635c66,True,2,1,4,2026-03-12T20:05:02.535156+00:00,6,1f45c6c6-923c-49ec-a3c5-1760af89d19b,add,115.0,1.0,1,125.0,1.0,1,10.0,120.0,1773345902.537982
5bd27aaa-307c-4dca-bba1-6fdb71b91cc9,True,1,1,1,2026-03-12T20:04:33.442714+00:00,1,6d760b9e-dd5b-411d-aebb-8dcd7abacc72,add,120.0,1.0,1,,,,,,1773345873.447097
5bd27aaa-307c-4dca-bba1-6fdb71b91cc9,True,1,1,2,2026-03-12T20:04:33.447888+00:00,2,,trade,,,,,,,,,1773345873.456863
5bd27aaa-307c-4dca-bba1-6fdb71b91cc9,True,1,1,3,2026-03-12T20:04:33.460031+00:00,5,d719095e-2f84-4042-98bf-9ae82b1812e3,add,115.0,1.0,1,,,,,,1773345873.46324
5bd27aaa-307c-4dca-bba1-6fdb71b91cc9,True,1,1,4,2026-03-12T20:04:33.463972+00:00,6,4b8bc779-275c-42ea-871a-48ce83b28c9c,add,115.0,1.0,1,125.0,1.0,1,10.0,120.0,1773345873.466729
8834b192-c8db-44ba-82b4-6fae09a4c136,True,2,1,1,2026-03-12T20:05:02.690599+00:00,1,94a25aaf-6dd1-4fe1-9ab9-e255a94da6e3,add,120.0,1.0,1,,,,,,1773345902.694179
8834b192-c8db-44ba-82b4-6fae09a4c136,True,2,1,2,2026-03-12T20:05:02.695217+00:00,2,,trade,,,,,,,,,1773345902.703583
8834b192-c8db-44ba-82b4-6fae09a4c136,True,2,1,3,2026-03-12T20:05:02.707215+00:00,5,f6a16edc-5bba-4e9f-92b4-6721558cec71,add,115.0,1.0,1,,,,,,1773345902.709984
8834b192-c8db-44ba-82b4-6fae09a4c136,True,2,1,4,2026-03-12T20:05:02.711032+00:00,6,80439af8-4932-486f-8e84-9c37cd731e7a,add,115.0,1.0,1,125.0,1.0,1,10.0,120.0,1773345902.714059
3fad3a86-774b-46c3-b731-7ebc7fce4339,True,1,1,1,2026-03-12T20:04:33.577106+00:00,1,1292e124-97fa-4a94-ac63-e6c0c5f08bf0,add,120.0,1.0,1,,,,,,1773345873.581208
3fad3a86-774b-46c3-b731-7ebc7fce4339,True,1,1,2,2026-03-12T20:04:33.582145+00:00,2,,trade,,,,,,,,,1773345873.591294
3fad3a86-774b-46c3-b731-7ebc7fce4339,True,1,1,3,2026-03-12T20:04:33.594674+00:00,5,3f8e2706-e0c9-4b3b-9d7d-71919666b7ff,add,115.0,1.0,1,,,,,,1773345873.59733
3fad3a86-774b-46c3-b731-7ebc7fce4339,True,1,1,4,2026-03-12T20:04:33.598286+00:00,6,cd788166-8d0b-4aa6-9d4f-b5221e26d037,add,115.0,1.0,1,125.0,1.0,1,10.0,120.0,1773345873.601233
2fe75b65-4f77-495d-a745-4001d99e17be,True,2,1,1,2026-03-12T20:05:02.853198+00:00,1,2ad2d342-edd9-42ac-b7cf-01e7420e89f8,add,120.0,1.0,1,,,,,,1773345902.856851
2fe75b65-4f77-495d-a745-4001d99e17be,True,2,1,2,2026-03-12T20:05:02.857607+00:00,2,,trade,,,,,,,,,1773345902.898125
2fe75b65-4f77-495d-a745-4001d99e17be,True,2,1,3,2026-03-12T20:05:02.901753+00:00,5,5c2c9e73-9786-4a26-bf38-75f4e0b5fbb8,add,115.0,1.0,1,,,,,,1773345902.904678
2fe75b65-4f77-495d-a745-4001d99e17be,True,2,1,4,2026-03-12T20:05:02.905454+00:00,6,800d96ab-a327-4c7b-9a5d-97f5db4e104b,add,115.0,1.0,1,125.0,1.0,1,10.0,120.0,1773345902.90825
7930edb7-f1ad-4af8-984f-c8ead48bcbe8,True,1,1,1,2026-03-12T20:04:33.709528+00:00,1,d45ae1de-b86f-4117-b40f-d4f6dd353436,add,120.0,1.0,1,,,,,,1773345873.713452
7930edb7-f1ad-4af8-984f-c8ead48bcbe8,True,1,1,2,2026-03-12T20:04:33.714251+00:00,2,,trade,,,,,,,,,1773345873.72254
7930edb7-f1ad-4af8-984f-c8ead48bcbe8,True,1,1,3,2026-03-12T20:04:33.725852+00:00,5,ffd1deea-9479-4cfe-a80b-5eb1ba0e5ff3,add,115.0,1.0,1,,,,,,1773345873.7291
7930edb7-f1ad-4af8-984f-c8ead48bcbe8,True,1,1,4,2026-03-12T20:04:33.729994+00:00,6,a0d67331-97ae-4e5a-b718-1114eb187e37,add,115.0,1.0,1,125.0,1.0,1,10.0,120.0,1773345873.733075
48a0c4dc-bd70-4aa7-84d3-f6b357370734,True,2,1,1,2026-03-12T20:05:03.044137+00:00,1,9a7228f1-ba11-4d42-9124-ee7e5a2c175e,add,120.0,1.0,1,,,,,,1773345903.047838
48a0c4dc-bd70-4aa7-84d3-f6b357370734,True,2,1,2,2026-03-12T20:05:03.048574+00:00,2,,trade,,,,,,,,,1773345903.05761
48a0c4dc-bd70-4aa7-84d3-f6b357370734,True,2,1,3,2026-03-12T20:05:03.060998+00:00,5,1811afb6-524f-404b-9e43-86aec758827c,add,115.0,1.0,1,,,,,,1773345903.063787
48a0c4dc-bd70-4aa7-84d3-f6b357370734,True,2,1,4,2026-03-12T20:05:03.064527+00:00,6,499d6334-700d-4780-91bd-59948a5b0eec,add,115.0,1.0,1,125.0,1.0,1,10.0,120.0,1773345903.067139
0b3585e8-4eaa-44bb-9f4c-bd64cc02ccba,True,1,1,1,2026-03-12T20:04:33.848415+00:00,1,3b4945e1-4da9-41b0-9e73-9be61e52c94a,add,120.0,1.0,1,,,,,,1773345873.852682
0b3585e8-4eaa-44bb-9f4c-bd64cc02ccba,True,1,1,2,2026-03-12T20:04:33.853730+00:00,2,,trade,,,,,,,,,1773345873.862616
0b3585e8-4eaa-44bb-9f4c-bd64cc02ccba,True,1,1,3,2026-03-12T20:04:33.866065+00:00,5,af885948-5d63-4ca3-8147-c588b60d6f27,add,115.0,1.0,1,,,,,,1773345873.869015
0b3585e8-4eaa-44bb-9f4c-bd64cc02ccba,True,1,1,4,2026-03-12T20:04:33.869830+00:00,6,197015e2-dbf7-496d-83ac-c3e7ac505421,add,115.0,1.0,1,125.0,1.0,1,10.0,120.0,1773345873.8728
5a28c56b-6966-4532-b0db-daff361bc012,True,2,1,1,2026-03-12T20:05:03.197571+00:00,1,eda810bb-8a29-4f51-bb53-cd9486a7497d,add,120.0,1.0,1,,,,,,1773345903.201225
5a28c56b-6966-4532-b0db-daff361bc012,True,2,1,2,2026-03-12T20:05:03.202012+00:00,2,,trade,,,,,,,,,1773345903.210413
5a28c56b-6966-4532-b0db-daff361bc012,True,2,1,3,2026-03-12T20:05:03.213394+00:00,5,ea145107-018b-4081-96cc-c28034a5cb90,add,115.0,1.0,1,,,,,,1773345903.216484
5a28c56b-6966-4532-b0db-daff361bc012,True,2,1,4,2026-03-12T20:05:03.217529+00:00,6,5048d0fc-dced-4842-b4a4-3b6074a0cc0d,add,115.0,1.0,1,125.0,1.0,1,10.0,120.0,1773345903.220366
d0dc4e6c-697f-47b5-aef1-f1f6b04a835f,True,1,1,1,2026-03-12T20:04:33.980067+00:00,1,73a37d3d-27b3-4652-970a-262ee17cbec0,add,120.0,1.0,1,,,,,,1773345873.983585
d0dc4e6c-697f-47b5-aef1-f1f6b04a835f,True,1,1,2,2026-03-12T20:04:33.984637+00:00,2,,trade,,,,,,,,,1773345873.992619
d0dc4e6c-697f-47b5-aef1-f1f6b04a835f,True,1,1,3,2026-03-12T20:04:33.995662+00:00,5,4ac3f93e-872b-4653-a178-e6758b3eef48,add,115.0,1.0,1,,,,,,1773345873.998225
d0dc4e6c-697f-47b5-aef1-f1f6b04a835f,True,1,1,4,2026-03-12T20:04:33.998872+00:00,6,8d247657-0c0c-4f04-99d8-efe5e04ff4ea,add,115.0,1.0,1,125.0,1.0,1,10.0,120.0,1773345874.002139
f7914478-3680-4c54-ae18-364ccbab3614,True,2,1,1,2026-03-12T20:05:03.354114+00:00,1,502d76ee-4b69-474f-a2b9-30440d91f5f3,add,120.0,1.0,1,,,,,,1773345903.357705
f7914478-3680-4c54-ae18-364ccbab3614,True,2,1,2,2026-03-12T20:05:03.358448+00:00,2,,trade,,,,,,,,,1773345903.367468
f7914478-3680-4c54-ae18-364ccbab3614,True,2,1,3,2026-03-12T20:05:03.370650+00:00,5,03477ee6-fa08-4c81-8fdf-a8f1f1c6835b,add,115.0,1.0,1,,,,,,1773345903.373404
f7914478-3680-4c54-ae18-364ccbab3614,True,2,1,4,2026-03-12T20:05:03.374131+00:00,6,f747023f-a145-4208-9f79-ca9aa310c2ba,add,115.0,1.0,1,125.0,1.0,1,10.0,120.0,1773345903.377024
5b94003a-60ab-436b-ac4b-096500fabce2,True,1,1,1,2026-03-12T20:04:34.105790+00:00,1,db450bf3-d226-448d-88bd-a4076f77e814,add,120.0,1.0,1,,,,,,1773345874.109507
5b94003a-60ab-436b-ac4b-096500fabce2,True,1,1,2,2026-03-12T20:04:34.110275+00:00,2,,trade,,,,,,,,,1773345874.118675
5b94003a-60ab-436b-ac4b-096500fabce2,True,1,1,3,2026-03-12T20:04:34.122117+00:00,5,ffffc5e5-419c-4409-acf6-20cce94bde70,add,115.0,1.0,1,,,,,,1773345874.125211
5b94003a-60ab-436b-ac4b-096500fabce2,True,1,1,4,2026-03-12T20:04:34.126099+00:00,6,dd378e8d-31ff-448d-871f-c90367b8b7e6,add,115.0,1.0,1,125.0,1.0,1,10.0,120.0,1773345874.12918
49f3919f-62a2-43cd-b9e0-909b2c2b038e,True,2,1,1,2026-03-12T20:05:03.514690+00:00,1,4de97313-b205-4631-ae7c-ae43746d6df3,add,120.0,1.0,1,,,,,,1773345903.519218
49f3919f-62a2-43cd-b9e0-909b2c2b038e,True,2,1,2,2026-03-12T20:05:03.520372+00:00,2,,trade,,,,,,,,,1773345903.528732
49f3919f-62a2-43cd-b9e0-909b2c2b038e,True,2,1,3,2026-03-12T20:05:03.531869+00:00,5,6b900418-0fa7-4a33-bc71-994a1616ad1b,add,115.0,1.0,1,,,,,,1773345903.534446
49f3919f-62a2-43cd-b9e0-909b2c2b038e,True,2,1,4,2026-03-12T20:05:03.535338+00:00,6,6e341868-4701-4ee2-a012-0b92b5f08a59,add,115.0,1.0,1,125.0,1.0,1,10.0,120.0,1773345903.538189
616c4bc1-e104-4956-ba0a-8ae8e08339e6,True,1,1,1,2026-03-12T20:04:34.232207+00:00,1,2746f6a2-a9b3-40b6-90d8-9391dc357385,add,120.0,1.0,1,,,,,,1773345874.235912
616c4bc1-e104-4956-ba0a-8ae8e08339e6,True,1,1,2,2026-03-12T20:04:34.236672+00:00,2,,trade,,,,,,,,,1773345874.244299
616c4bc1-e104-4956-ba0a-8ae8e08339e6,True,1,1,3,2026-03-12T20:04:34.247794+00:00,5,7586a6c3-26b2-4cb0-932e-93cdf448ff30,add,115.0,1.0,1,,,,,,1773345874.250397
616c4bc1-e104-4956-ba0a-8ae8e08339e6,True,1,1,4,2026-03-12T20:04:34.251276+00:00,6,b51133d8-9755-4b10-967e-29b43690015d,add,115.0,1.0,1,125.0,1.0,1,10.0,120.0,1773345874.254667
a88f736c-6255-4414-83a9-00bf07aade1c,True,2,1,1,2026-03-12T20:05:03.676827+00:00,1,4b13398a-e674-4a03-ba81-cd7dcbe795c3,add,120.0,1.0,1,,,,,,1773345903.680627
a88f736c-6255-4414-83a9-00bf07aade1c,True,2,1,2,2026-03-12T20:05:03.681396+00:00,2,,trade,,,,,,,,,1773345903.690101
a88f736c-6255-4414-83a9-00bf07aade1c,True,2,1,3,2026-03-12T20:05:03.693222+00:00,5,978a5829-26f3-49e1-8943-39236e9897a2,add,115.0,1.0,1,,,,,,1773345903.695923
a88f736c-6255-4414-83a9-00bf07aade1c,True,2,1,4,2026-03-12T20:05:03.696610+00:00,6,e14df96d-640a-4677-b3c8-89bbca906011,add,115.0,1.0,1,125.0,1.0,1,10.0,120.0,1773345903.699371
5ba0d641-d1a2-4bed-a0d0-15b4b8364235,True,1,1,1,2026-03-12T20:04:34.365095+00:00,1,0c530354-31ee-4474-b7a2-0393ea2d7630,add,120.0,1.0,1,,,,,,1773345874.369229
5ba0d641-d1a2-4bed-a0d0-15b4b8364235,True,1,1,2,2026-03-12T20:04:34.370027+00:00,2,,trade,,,,,,,,,1773345874.378964
5ba0d641-d1a2-4bed-a0d0-15b4b8364235,True,1,1,3,2026-03-12T20:04:34.382216+00:00,5,adf692be-3a1a-4915-a673-79e13c5b79a9,add,115.0,1.0,1,,,,,,1773345874.384842
5ba0d641-d1a2-4bed-a0d0-15b4b8364235,True,1,1,4,2026-03-12T20:04:34.385620+00:00,6,c89e3b00-5772-496b-8b3c-b60212a71e57,add,115.0,1.0,1,125.0,1.0,1,10.0,120.0,1773345874.388299
696aa924-d7a5-401b-92f3-94e5f7d47955,True,2,1,1,2026-03-12T20:05:03.840807+00:00,1,801bffa0-2886-472a-995b-79dcda76d16c,add,120.0,1.0,1,,,,,,1773345903.845058
696aa924-d7a5-401b-92f3-94e5f7d47955,True,2,1,2,2026-03-12T20:05:03.846031+00:00,2,,trade,,,,,,,,,1773345903.85418
696aa924-d7a5-401b-92f3-94e5f7d47955,True,2,1,3,2026-03-12T20:05:03.857319+00:00,5,db67ac9c-d4b9-43e4-81be-4ce46b623131,add,115.0,1.0,1,,,,,,1773345903.860224
696aa924-d7a5-401b-92f3-94e5f7d47955,True,2,1,4,2026-03-12T20:05:03.860867+00:00,6,fea3bcb5-81bc-4e0e-9b66-8c794b5e6464,add,115.0,1.0,1,125.0,1.0,1,10.0,120.0,1773345903.864009
b6aeaa24-8c50-4295-8e69-c524c56aaf29,True,1,1,1,2026-03-12T20:04:34.498358+00:00,1,927b7bc3-9ccb-4376-8ebd-3a723a5a4988,add,120.0,1.0,1,,,,,,1773345874.503127
b6aeaa24-8c50-4295-8e69-c524c56aaf29,True,1,1,2,2026-03-12T20:04:34.504130+00:00,2,,trade,,,,,,,,,1773345874.511721
b6aeaa24-8c50-4295-8e69-c524c56aaf29,True,1,1,3,2026-03-12T20:04:34.515161+00:00,5,26599b17-9f01-49f7-b6a2-a196e2435785,add,115.0,1.0,1,,,,,,1773345874.518793
b6aeaa24-8c50-4295-8e69-c524c56aaf29,True,1,1,4,2026-03-12T20:04:34.519804+00:00,6,5e477ad1-109e-491c-940f-935ab5c737be,add,115.0,1.0,1,125.0,1.0,1,10.0,120.0,1773345874.522609
306ba9e3-43c5-416f-b703-22518b1438ff,True,2,1,1,2026-03-12T20:05:03.999617+00:00,1,e91044c2-b9dc-497a-a982-18bc55817bf0,add,120.0,1.0,1,,,,,,1773345904.003228
306ba9e3-43c5-416f-b703-22518b1438ff,True,2,1,2,2026-03-12T20:05:04.003979+00:00,2,,trade,,,,,,,,,1773345904.01329
306ba9e3-43c5-416f-b703-22518b1438ff,True,2,1,3,2026-03-12T20:05:04.016634+00:00,5,ce06e1ca-ad2a-4819-8cdd-082abc3264fe,add,115.0,1.0,1,,,,,,1773345904.019898
306ba9e3-43c5-416f-b703-22518b1438ff,True,2,1,4,2026-03-12T20:05:04.020830+00:00,6,5f440ef7-8617-457f-80c1-3a99adc94145,add,115.0,1.0,1,125.0,1.0,1,10.0,120.0,1773345904.023577
61d7d5a7-8f3a-4280-980e-b564b864f897,True,1,1,1,2026-03-12T20:04:34.650317+00:00,1,b17f2c57-cf49-445f-a94a-cbaa8bcb904c,add,120.0,1.0,1,,,,,,1773345874.654068
61d7d5a7-8f3a-4280-980e-b564b864f897,True,1,1,2,2026-03-12T20:04:34.654837+00:00,2,,trade,,,,,,,,,1773345874.663949
61d7d5a7-8f3a-4280-980e-b564b864f897,True,1,1,3,2026-03-12T20:04:34.667451+00:00,5,8e8ffea1-1c7e-4ca4-a0d5-3b47aba5f281,add,115.0,1.0,1,,,,,,1773345874.670241
61d7d5a7-8f3a-4280-980e-b564b864f897,True,1,1,4,2026-03-12T20:04:34.671180+00:00,6,d2ad5b77-846e-43a3-a3cd-81b477dc1ac2,add,115.0,1.0,1,125.0,1.0,1,10.0,120.0,1773345874.674172
13e9f074-c881-47a0-b951-1d899ebc255b,True,2,1,1,2026-03-12T20:05:04.152866+00:00,1,da144aee-7b59-49a8-a02a-a45a92b8f4d4,add,120.0,1.0,1,,,,,,1773345904.15703
13e9f074-c881-47a0-b951-1d899ebc255b,True,2,1,2,2026-03-12T20:05:04.157780+00:00,2,,trade,,,,,,,,,1773345904.165923
13e9f074-c881-47a0-b951-1d899ebc255b,True,2,1,3,2026-03-12T20:05:04.168921+00:00,5,29f8174b-418b-4dce-a0d2-a8c52463ec73,add,115.0,1.0,1,,,,,,1773345904.171807
13e9f074-c881-47a0-b951-1d899ebc255b,True,2,1,4,2026-03-12T20:05:04.172569+00:00,6,7a634102-d3a2-47a6-9a42-0e2c55fca946,add,115.0,1.0,1,125.0,1.0,1,10.0,120.0,1773345904.17538
60d0c042-9838-4995-8900-f73a42d5394d,True,1,1,1,2026-03-12T20:04:34.782294+00:00,1,f0042ba5-b4af-4b5c-92c8-877836239cb7,add,120.0,1.0,1,,,,,,1773345874.786342
60d0c042-9838-4995-8900-f73a42d5394d,True,1,1,2,2026-03-12T20:04:34.787593+00:00,2,,trade,,,,,,,,,1773345874.795715
60d0c042-9838-4995-8900-f73a42d5394d,True,1,1,3,2026-03-12T20:04:34.799072+00:00,5,2201fb52-49cf-4372-845c-62016350184b,add,115.0,1.0,1,,,,,,1773345874.801617
60d0c042-9838-4995-8900-f73a42d5394d,True,1,1,4,2026-03-12T20:04:34.802522+00:00,6,338e9a0d-6ca0-47bf-9dd9-233ca75bbfb9,add,115.0,1.0,1,125.0,1.0,1,10.0,120.0,1773345874.805305
5537c3b0-2555-4c50-8c44-60f2980a2ab5,True,2,1,1,2026-03-12T20:05:04.309391+00:00,1,81024ded-2610-401c-8160-9a29b15bb8e8,add,120.0,1.0,1,,,,,,1773345904.313087
5537c3b0-2555-4c50-8c44-60f2980a2ab5,True,2,1,2,2026-03-12T20:05:04.313856+00:00,2,,trade,,,,,,,,,1773345904.322397
5537c3b0-2555-4c50-8c44-60f2980a2ab5,True,2,1,3,2026-03-12T20:05:04.325550+00:00,5,121d243e-eb76-4881-b139-126ef83202be,add,115.0,1.0,1,,,,,,1773345904.328224
5537c3b0-2555-4c50-8c44-60f2980a2ab5,True,2,1,4,2026-03-12T20:05:04.329115+00:00,6,3cb68277-1d9d-485a-a17c-e63508253a97,add,115.0,1.0,1,125.0,1.0,1,10.0,120.0,1773345904.33209
bbfe1d62-f0ad-49d9-8d2e-ab3792449df3,True,1,1,1,2026-03-12T20:04:34.916431+00:00,1,23714b39-d9bc-4263-ae9a-cabcfd4ef8c8,add,120.0,1.0,1,,,,,,1773345874.919952
bbfe1d62-f0ad-49d9-8d2e-ab3792449df3,True,1,1,2,2026-03-12T20:04:34.920990+00:00,2,,trade,,,,,,,,,1773345874.929098
bbfe1d62-f0ad-49d9-8d2e-ab3792449df3,True,1,1,3,2026-03-12T20:04:34.932648+00:00,5,bc0504ad-81d3-41c4-bd31-44f88db7561b,add,115.0,1.0,1,,,,,,1773345874.935296
bbfe1d62-f0ad-49d9-8d2e-ab3792449df3,True,1,1,4,2026-03-12T20:04:34.936177+00:00,6,d820656a-4b72-420c-a3c7-60801b35087f,add,115.0,1.0,1,125.0,1.0,1,10.0,120.0,1773345874.938853
fc358d1b-e3dc-4035-8eaa-738563122bd4,True,2,1,1,2026-03-12T20:05:04.468616+00:00,1,a7b1d1c3-01fd-4c09-8471-3e327218d3c8,add,120.0,1.0,1,,,,,,1773345904.472446
fc358d1b-e3dc-4035-8eaa-738563122bd4,True,2,1,2,2026-03-12T20:05:04.473279+00:00,2,,trade,,,,,,,,,1773345904.482221
fc358d1b-e3dc-4035-8eaa-738563122bd4,True,2,1,3,2026-03-12T20:05:04.485272+00:00,5,c764b939-b57d-44ab-8cc9-8e7a1987ffb2,add,115.0,1.0,1,,,,,,1773345904.487964
fc358d1b-e3dc-4035-8eaa-738563122bd4,True,2,1,4,2026-03-12T20:05:04.488663+00:00,6,8a0190d3-daac-45e8-afc1-ba1c62bdcf4b,add,115.0,1.0,1,125.0,1.0,1,10.0,120.0,1773345904.491386
4eee7ace-dbf4-4ebc-a2ef-dc6247fcdc3c,True,1,1,1,2026-03-12T20:04:35.075716+00:00,1,d01a1063-6838-4504-a4b9-af0baf479c92,add,120.0,1.0,1,,,,,,1773345875.079317
4eee7ace-dbf4-4ebc-a2ef-dc6247fcdc3c,True,1,1,2,2026-03-12T20:04:35.080504+00:00,2,,trade,,,,,,,,,1773345875.089064
4eee7ace-dbf4-4ebc-a2ef-dc6247fcdc3c,True,1,1,3,2026-03-12T20:04:35.092120+00:00,5,012f9d4f-611f-442e-bc5e-808ef4a4b762,add,115.0,1.0,1,,,,,,1773345875.095122
4eee7ace-dbf4-4ebc-a2ef-dc6247fcdc3c,True,1,1,4,2026-03-12T20:04:35.096017+00:00,6,88cc5e29-f0fb-4a75-9482-ee381c5c0f59,add,115.0,1.0,1,125.0,1.0,1,10.0,120.0,1773345875.098774
32251c4e-4038-4866-9b59-a2ef973cd228,True,2,1,1,2026-03-12T20:05:04.643279+00:00,1,b8d436dd-8e1e-4b7d-aaf8-cfd47eb12f03,add,120.0,1.0,1,,,,,,1773345904.647362
32251c4e-4038-4866-9b59-a2ef973cd228,True,2,1,2,2026-03-12T20:05:04.648321+00:00,2,,trade,,,,,,,,,1773345904.656625
32251c4e-4038-4866-9b59-a2ef973cd228,True,2,1,3,2026-03-12T20:05:04.659512+00:00,5,a6c499b8-13b3-4b3d-8f99-ecf31b2d148d,add,115.0,1.0,1,,,,,,1773345904.662237
32251c4e-4038-4866-9b59-a2ef973cd228,True,2,1,4,2026-03-12T20:05:04.663143+00:00,6,567541a7-5b73-43ba-a354-6c3dd532a6e9,add,115.0,1.0,1,125.0,1.0,1,10.0,120.0,1773345904.665948
cf61ca9d-467f-4ddb-98e7-0e4298f881a7,True,1,1,1,2026-03-12T20:04:35.200616+00:00,1,bd08dab1-25c6-4725-a11d-fa3d2129b59e,add,120.0,1.0,1,,,,,,1773345875.235995
cf61ca9d-467f-4ddb-98e7-0e4298f881a7,True,1,1,2,2026-03-12T20:04:35.236853+00:00,2,,trade,,,,,,,,,1773345875.244556
cf61ca9d-467f-4ddb-98e7-0e4298f881a7,True,1,1,3,2026-03-12T20:04:35.247690+00:00,5,75ce078a-2006-4650-a2f5-39ca45111b02,add,115.0,1.0,1,,,,,,1773345875.250394
cf61ca9d-467f-4ddb-98e7-0e4298f881a7,True,1,1,4,2026-03-12T20:04:35.251015+00:00,6,7705e80a-3209-460b-b1f9-2ce378fbcb7c,add,115.0,1.0,1,125.0,1.0,1,10.0,120.0,1773345875.253731
548732c2-e2ce-45bf-9931-0d55785e0fc1,True,2,1,1,2026-03-12T20:05:04.806316+00:00,1,d1fb876c-a715-4c8e-bf22-b6e0875610c6,add,120.0,1.0,1,,,,,,1773345904.810544
548732c2-e2ce-45bf-9931-0d55785e0fc1,True,2,1,2,2026-03-12T20:05:04.811561+00:00,2,,trade,,,,,,,,,1773345904.820111
548732c2-e2ce-45bf-9931-0d55785e0fc1,True,2,1,3,2026-03-12T20:05:04.823248+00:00,5,452b46b4-f1ac-487b-94f1-fdff02c213f4,add,115.0,1.0,1,,,,,,1773345904.826205
548732c2-e2ce-45bf-9931-0d55785e0fc1,True,2,1,4,2026-03-12T20:05:04.827194+00:00,6,4bb83771-af99-4e25-9732-9d55905d7d92,add,115.0,1.0,1,125.0,1.0,1,10.0,120.0,1773345904.830841
4214f2e6-1c65-4eb5-a86f-efd3d9dda54f,True,1,1,1,2026-03-12T20:04:35.362036+00:00,1,643e43a9-9bbd-4174-a16c-e0696ca5bb8d,add,120.0,1.0,1,,,,,,1773345875.36593
4214f2e6-1c65-4eb5-a86f-efd3d9dda54f,True,1,1,2,2026-03-12T20:04:35.366862+00:00,2,,trade,,,,,,,,,1773345875.375185
4214f2e6-1c65-4eb5-a86f-efd3d9dda54f,True,1,1,3,2026-03-12T20:04:35.378422+00:00,5,9a9d5775-bce6-48b2-af7d-aabc2705b6bc,add,115.0,1.0,1,,,,,,1773345875.381126
4214f2e6-1c65-4eb5-a86f-efd3d9dda54f,True,1,1,4,2026-03-12T20:04:35.381805+00:00,6,4e77c5f7-ace9-4d9c-be24-d994f9472f8e,add,115.0,1.0,1,125.0,1.0,1,10.0,120.0,1773345875.384463
1b89a82f-0032-44ca-ae1f-c52ef7d8302b,True,2,1,1,2026-03-12T20:05:04.972283+00:00,1,b8f2deaf-deca-47e8-ab7e-f43c43e1d54a,add,120.0,1.0,1,,,,,,1773345904.976465
1b89a82f-0032-44ca-ae1f-c52ef7d8302b,True,2,1,2,2026-03-12T20:05:04.977407+00:00,2,,trade,,,,,,,,,1773345904.985855
1b89a82f-0032-44ca-ae1f-c52ef7d8302b,True,2,1,3,2026-03-12T20:05:05.015472+00:00,5,4e8dc903-90e1-480f-9dd4-6c3fdb67f8de,add,115.0,1.0,1,,,,,,1773345905.025656
1b89a82f-0032-44ca-ae1f-c52ef7d8302b,True,2,1,4,2026-03-12T20:05:05.026538+00:00,6,d2f0c84c-7eee-4196-808a-ebb3743cdd72,add,115.0,1.0,1,125.0,1.0,1,10.0,120.0,1773345905.029328
53ddd702-7386-4293-b3f1-2863ba2ddaf2,True,1,1,1,2026-03-12T20:04:35.494767+00:00,1,3d01acca-6eab-433c-9acc-c89936d6a10f,add,120.0,1.0,1,,,,,,1773345875.498326
53ddd702-7386-4293-b3f1-2863ba2ddaf2,True,1,1,2,2026-03-12T20:04:35.499034+00:00,2,,trade,,,,,,,,,1773345875.507441
53ddd702-7386-4293-b3f1-2863ba2ddaf2,True,1,1,3,2026-03-12T20:04:35.510715+00:00,5,d910f6e7-034b-4c87-a899-5a60d859eb1c,add,115.0,1.0,1,,,,,,1773345875.513644
53ddd702-7386-4293-b3f1-2863ba2ddaf2,True,1,1,4,2026-03-12T20:04:35.514470+00:00,6,b1495701-5e59-4f1b-b057-ec9f3447e228,add,115.0,1.0,1,125.0,1.0,1,10.0,120.0,1773345875.517104
8e964b0f-1dfe-4672-8108-5d8c250f9c2f,True,2,1,1,2026-03-12T20:05:05.167922+00:00,1,5d0eb859-7429-4677-b707-b6a7b930f7d3,add,120.0,1.0,1,,,,,,1773345905.171767
8e964b0f-1dfe-4672-8108-5d8c250f9c2f,True,2,1,2,2026-03-12T20:05:05.172859+00:00,2,,trade,,,,,,,,,1773345905.182576
8e964b0f-1dfe-4672-8108-5d8c250f9c2f,True,2,1,3,2026-03-12T20:05:05.185683+00:00,5,95017309-d62e-4c5e-b152-72f76321a20e,add,115.0,1.0,1,,,,,,1773345905.188665
8e964b0f-1dfe-4672-8108-5d8c250f9c2f,True,2,1,4,2026-03-12T20:05:05.189337+00:00,6,38e8192e-3b3f-4529-8795-aa7e3d72242d,add,115.0,1.0,1,125.0,1.0,1,10.0,120.0,1773345905.192176
fb7cc912-b808-411b-b33d-6b8f7d1fb5a4,True,1,1,1,2026-03-12T20:04:35.628812+00:00,1,34737cf7-ba7c-4354-947e-fdb4fe1211bb,add,120.0,1.0,1,,,,,,1773345875.632698
fb7cc912-b808-411b-b33d-6b8f7d1fb5a4,True,1,1,2,2026-03-12T20:04:35.633525+00:00,2,,trade,,,,,,,,,1773345875.642395
fb7cc912-b808-411b-b33d-6b8f7d1fb5a4,True,1,1,3,2026-03-12T20:04:35.645500+00:00,5,276cf04d-8b4f-4469-9426-19a7d2e5f39c,add,115.0,1.0,1,,,,,,1773345875.648038
fb7cc912-b808-411b-b33d-6b8f7d1fb5a4,True,1,1,4,2026-03-12T20:04:35.648724+00:00,6,35fde085-a109-4cd7-b540-e4af62823944,add,115.0,1.0,1,125.0,1.0,1,10.0,120.0,1773345875.651833
cdfceec8-35a7-4e3c-8cb8-a6f3b5a38f08,True,2,1,1,2026-03-12T20:05:05.330948+00:00,1,cef9c882-bc53-4d6c-a4eb-b7e568135bdd,add,120.0,1.0,1,,,,,,1773345905.334604
cdfceec8-35a7-4e3c-8cb8-a6f3b5a38f08,True,2,1,2,2026-03-12T20:05:05.335634+00:00,2,,trade,,,,,,,,,1773345905.366736
cdfceec8-35a7-4e3c-8cb8-a6f3b5a38f08,True,2,1,3,2026-03-12T20:05:05.370825+00:00,5,4f66b8bc-7fb1-4719-ab84-d61e87360279,add,115.0,1.0,1,,,,,,1773345905.373643
cdfceec8-35a7-4e3c-8cb8-a6f3b5a38f08,True,2,1,4,2026-03-12T20:05:05.374349+00:00,6,66aa01d6-fd2f-4b54-bfe7-bbf90c1c17a0,add,115.0,1.0,1,125.0,1.0,1,10.0,120.0,1773345905.377601
d93fb1ea-6288-428b-a4ef-af4e4f76968b,True,1,1,1,2026-03-12T20:04:35.760198+00:00,1,df17a4ee-a897-4118-b7ae-f4ded70ed0c1,add,120.0,1.0,1,,,,,,1773345875.763862
d93fb1ea-6288-428b-a4ef-af4e4f76968b,True,1,1,2,2026-03-12T20:04:35.764668+00:00,2,,trade,,,,,,,,,1773345875.773171
d93fb1ea-6288-428b-a4ef-af4e4f76968b,True,1,1,3,2026-03-12T20:04:35.776317+00:00,5,794730a4-0d81-4425-a236-cc46b322847d,add,115.0,1.0,1,,,,,,1773345875.778964
d93fb1ea-6288-428b-a4ef-af4e4f76968b,True,1,1,4,2026-03-12T20:04:35.779677+00:00,6,764afd30-ba87-4854-b411-72aca7c89482,add,115.0,1.0,1,125.0,1.0,1,10.0,120.0,1773345875.782373
dfaf3418-1293-4187-926c-ee0350c09680,True,2,1,1,2026-03-12T20:05:05.518855+00:00,1,d96de626-fce1-4c64-9047-cfe8b1b98216,add,120.0,1.0,1,,,,,,1773345905.523525
dfaf3418-1293-4187-926c-ee0350c09680,True,2,1,2,2026-03-12T20:05:05.524626+00:00,2,,trade,,,,,,,,,1773345905.533793
dfaf3418-1293-4187-926c-ee0350c09680,True,2,1,3,2026-03-12T20:05:05.537529+00:00,5,a2c00233-3d12-49f5-8e4a-225632576209,add,115.0,1.0,1,,,,,,1773345905.540538
dfaf3418-1293-4187-926c-ee0350c09680,True,2,1,4,2026-03-12T20:05:05.541311+00:00,6,f5ebde51-2380-4620-9b8a-4f7b1d90b1f1,add,115.0,1.0,1,125.0,1.0,1,10.0,120.0,1773345905.544145
1991f9d4-0ac6-48d6-a4a9-20c9a1c08934,True,1,1,1,2026-03-12T20:04:35.894144+00:00,1,6334cee8-5af9-430d-a87c-a0bf325e768e,add,120.0,1.0,1,,,,,,1773345875.898507
1991f9d4-0ac6-48d6-a4a9-20c9a1c08934,True,1,1,2,2026-03-12T20:04:35.899340+00:00,2,,trade,,,,,,,,,1773345875.908902
1991f9d4-0ac6-48d6-a4a9-20c9a1c08934,True,1,1,3,2026-03-12T20:04:35.912182+00:00,5,e28872ac-53dd-4ee6-8502-38d909663065,add,115.0,1.0,1,,,,,,1773345875.915395
1991f9d4-0ac6-48d6-a4a9-20c9a1c08934,True,1,1,4,2026-03-12T20:04:35.916302+00:00,6,48990213-8d6c-4644-a28e-83d6f3a72337,add,115.0,1.0,1,125.0,1.0,1,10.0,120.0,1773345875.919248
2a0010eb-5c35-4514-85b6-c786225d4cc2,True,2,1,1,2026-03-12T20:05:05.683358+00:00,1,a8c186d0-7d9d-4f1c-b6a1-98c7288cc325,add,120.0,1.0,1,,,,,,1773345905.687252
2a0010eb-5c35-4514-85b6-c786225d4cc2,True,2,1,2,2026-03-12T20:05:05.688109+00:00,2,,trade,,,,,,,,,1773345905.696494
2a0010eb-5c35-4514-85b6-c786225d4cc2,True,2,1,3,2026-03-12T20:05:05.699965+00:00,5,8547fa18-992b-4f0a-9cdf-287cd95afb64,add,115.0,1.0,1,,,,,,1773345905.702611
2a0010eb-5c35-4514-85b6-c786225d4cc2,True,2,1,4,2026-03-12T20:05:05.703439+00:00,6,637f1433-aba0-4261-b2ef-075a349abafe,add,115.0,1.0,1,125.0,1.0,1,10.0,120.0,1773345905.706573
ae967da7-5061-4c8d-bd22-8c04cc3faa2c,True,1,1,1,2026-03-12T20:04:36.031065+00:00,1,5d1eff73-ebc9-4901-8139-bedcc35e198d,add,120.0,1.0,1,,,,,,1773345876.034581
ae967da7-5061-4c8d-bd22-8c04cc3faa2c,True,1,1,2,2026-03-12T20:04:36.035344+00:00,2,,trade,,,,,,,,,1773345876.043678
ae967da7-5061-4c8d-bd22-8c04cc3faa2c,True,1,1,3,2026-03-12T20:04:36.046789+00:00,5,ca507d54-33e2-4857-bcb2-e78d905dca96,add,115.0,1.0,1,,,,,,1773345876.049255
ae967da7-5061-4c8d-bd22-8c04cc3faa2c,True,1,1,4,2026-03-12T20:04:36.049901+00:00,6,2438f91f-9c47-42c5-bd99-f8630968214e,add,115.0,1.0,1,125.0,1.0,1,10.0,120.0,1773345876.05264
725c7e01-595e-46af-9b6d-a844429cc774,True,2,1,1,2026-03-12T20:05:05.844112+00:00,1,69b8d3ff-de00-470d-8c54-0f6c2257d577,add,120.0,1.0,1,,,,,,1773345905.84797
725c7e01-595e-46af-9b6d-a844429cc774,True,2,1,2,2026-03-12T20:05:05.848716+00:00,2,,trade,,,,,,,,,1773345905.857725
725c7e01-595e-46af-9b6d-a844429cc774,True,2,1,3,2026-03-12T20:05:05.861376+00:00,5,f17db61c-88bd-42f2-bd80-525489e77a37,add,115.0,1.0,1,,,,,,1773345905.864341
725c7e01-595e-46af-9b6d-a844429cc774,True,2,1,4,2026-03-12T20:05:05.865144+00:00,6,da616dca-22c1-4727-99d5-dd791e2322c5,add,115.0,1.0,1,125.0,1.0,1,10.0,120.0,1773345905.86801
